<record><leader>00000cas a2200000 a 4500</leader><controlfield tag="001">10012551</controlfield><controlfield tag="008">831014c19219999orudr ne      0   a0eng c</controlfield><datafield ind1=" " ind2=" " tag="010"><subfield code="a">sn 83004714 </subfield></datafield><datafield ind1=" " ind2=" " tag="040"><subfield code="a">NSD</subfield><subfield code="b">eng</subfield><subfield code="c">NSD</subfield><subfield code="d">OCL</subfield><subfield code="d">MGN</subfield><subfield code="d">OCN</subfield><subfield code="d">OCL</subfield><subfield code="d">OCLCQ</subfield><subfield code="d">OCLCF</subfield><subfield code="d">ORU</subfield><subfield code="d">OCLCO</subfield><subfield code="d">COO</subfield></datafield><datafield ind1=" " ind2=" " tag="012"><subfield code="m">1</subfield></datafield><datafield ind1=" " ind2=" " tag="019"><subfield code="a">10013969</subfield></datafield><datafield ind1="1" ind2=" " tag="022"><subfield code="a">0746-3995</subfield><subfield code="l">0746-3995</subfield><subfield code="2">1</subfield></datafield><datafield ind1="1" ind2=" " tag="029"><subfield code="a">AU@</subfield><subfield code="b">000020293620</subfield></datafield><datafield ind1=" " ind2=" " tag="032"><subfield code="a">133620</subfield><subfield code="b">USPS</subfield></datafield><datafield ind1=" " ind2=" " tag="037"><subfield code="b">Corvallis Gazette-Times, PO Box 368, Corvallis, OR 97339</subfield></datafield><datafield ind1=" " ind2=" " tag="042"><subfield code="a">nsdp</subfield><subfield code="a">pcc</subfield></datafield><datafield ind1=" " ind2="0" tag="222"><subfield code="a">Corvallis gazette-times</subfield></datafield><datafield ind1="0" ind2="0" tag="245"><subfield code="a">Corvallis gazette-times.</subfield></datafield><datafield ind1="1" ind2=" " tag="246"><subfield code="i">Sunday issues for 1983-1987 published as:</subfield><subfield code="a">Sunday Corvallis gazette-times</subfield></datafield><datafield ind1="1" ind2=" " tag="246"><subfield code="i">Sunday issues for Sept. 13, 1998- published as:</subfield><subfield code="a">Mid-Valley Sunday Corvallis gazette-times Albany democrat-herald</subfield></datafield><datafield ind1="1" ind2=" " tag="246"><subfield code="i">Sunday issues for &lt;July 6, 2008-&gt; published as:</subfield><subfield code="a">Mid-Valley Sunday Corvallis gazette-times</subfield></datafield><datafield ind1="3" ind2=" " tag="246"><subfield code="a">Corvallis gazette times</subfield></datafield><datafield ind1="1" ind2="3" tag="246"><subfield code="a">Daily gazette-times</subfield></datafield><datafield ind1="1" ind2="3" tag="246"><subfield code="a">Gazette times</subfield></datafield><datafield ind1=" " ind2=" " tag="260"><subfield code="a">Corvallis, Or. :</subfield><subfield code="b">Ingalls, Moore &amp; Hurd,</subfield><subfield code="c">1921-</subfield></datafield><datafield ind1=" " ind2=" " tag="300"><subfield code="a">v.</subfield></datafield><datafield ind1=" " ind2=" " tag="310"><subfield code="a">Daily,</subfield><subfield code="b">Oct. 1983-</subfield></datafield><datafield ind1=" " ind2=" " tag="321"><subfield code="a">Daily (except Sun.),</subfield><subfield code="b">Sept. 1, 1921-Sept. 1983</subfield></datafield><datafield ind1="0" ind2=" " tag="362"><subfield code="a">Vol. 13, no. 101 (Sept. 1, 1921)-</subfield></datafield><datafield ind1=" " ind2=" " tag="515"><subfield code="a">Some irregularities in numbering.</subfield></datafield><datafield ind1=" " ind2=" " tag="530"><subfield code="a">Also available on microfilm from University of Oregon.</subfield></datafield><datafield ind1=" " ind2=" " tag="580"><subfield code="a">Weekly ed.: Weekly gazette-times, &lt;1921&gt;</subfield></datafield><datafield ind1=" " ind2=" " tag="588"><subfield code="a">Latest issue consulted: June 1, 2014.</subfield></datafield><datafield ind1=" " ind2="0" tag="651"><subfield code="a">Corvallis (Or.)</subfield><subfield code="v">Newspapers.</subfield></datafield><datafield ind1=" " ind2="7" tag="651"><subfield code="a">Oregon</subfield><subfield code="z">Corvallis.</subfield><subfield code="2">fast</subfield><subfield code="0">(OCoLC)fst01205176</subfield></datafield><datafield ind1=" " ind2="7" tag="655"><subfield code="a">Newspapers.</subfield><subfield code="2">fast</subfield><subfield code="0">(OCoLC)fst01423814</subfield></datafield><datafield ind1=" " ind2=" " tag="752"><subfield code="a">United States</subfield><subfield code="b">Oregon</subfield><subfield code="c">Benton</subfield><subfield code="d">Corvallis.</subfield></datafield><datafield ind1="1" ind2=" " tag="775"><subfield code="t">Weekly gazette-times</subfield><subfield code="w">(OCoLC)36710855</subfield><subfield code="w">(DLC)sn 96088341</subfield></datafield><datafield ind1="0" ind2="0" tag="780"><subfield code="t">Daily gazette-times</subfield><subfield code="w">(OCoLC)55143362</subfield><subfield code="w">(DLC)  2004260241</subfield></datafield></record>